% -*- mode: BibTex; coding: iso-safe -*-
%%% DO NOT EDIT THIS FILE!!!

% These are the jounral names pre-defined by 'bibtex'
% acmcs = "ACM Computing Surveys"
% acta = "Acta Informatica"
% cacm = "Communications of the ACM"
% ibmjrd = "IBM Journal of Research and Development"
% ibmsj = "IBM Systems Journal"
% ieeese = "IEEE Transactions on Software Engineering"
% ieeetc = "IEEE Transactions on Computers"
% ieeetcad = "IEEE Transactions on Computer-Aided Design of Integrated Circuits"
% ipl = "Information Processing Letters"
% jacm = "Journal of the ACM"
% jcss = "Journal of Computer and System Sciences"
% scp = "Science of Computer Programming"
% sicomp = "SIAM Journal on Computing"
% tocs = "ACM Transactions on Computer Systems"
% tods = "ACM Transactions on Database Systems"
% tog = "ACM Transactions on Graphics"
% toms = "ACM Transactions on Mathematical Software"
% toois = "ACM Transactions on Office Information Systems"
% toplas = "ACM Transactions on Programming Languages and Systems"
% tcs = "Theoretical Computer Science"

% add any other names here.  If you use one of them you must
% include this file as the first .bib file

% mots-clefs HAL
@String{author = {author}}
@String{en = {en}}
@String{fr = {fr}}
@String{intl = {International}}
@String{national = {National}}
@String{no = {No}}
@String{syncfree = {SyncFree}}
@String{yes = {Yes}}


@String{confon = {Conf.\ on }}
@String{intconfon = {Int.\ Conf.\ on }}
@String{euroconfon = {Euro.\ Conf.\ on }}
@String{intsympon = {Int.\ Symp.\ on }}
@String{eurosympon = {Euro.\ Symp.\ on }}
@String{sympon = {Symp.\ on }}
@String{intwkon = {Int.\ W.\ on }}
@String{wkon = {W.\ on }}

@String{acm = {Assoc.\ for Computing Machinery}}
@String{acmpress = {{ACM} {P}ress}}
@String{acmqueue = {{ACM} {Q}ueue}}
@String{acmtois = {ACM Trans.\ on Info.\ Sys.}}
@String{amsterdam = {Amsterdam, the Netherlands}}
@String{asplos = intconfon # {Archi.\ Support for Prog.\ Lang.\ and Systems (ASPLOS)}}
    @String{asplos-VI = {Sixth} # asplos}

@String{boston = {Boston, MA, USA}}

@String{cacm = {Communications of the {ACM}}}
@String{cambridge-mass = {Cambridge, MA, USA}}
@String{cfse = {Conf.\ Fran{\c c}aise sur les Syst{\`e}mes d'Exploitation (CFSE)}}
@String{cidr = {Biennial Conf.\ on Innovative DataSystems Research (CIDR)}}
@String{collaboratecom = intconfon # {Coll.\ Computing: Networking, Apps.\ and Worksharing (CollaborateCom)}}
@String{compcon = {CompCon Conf.}}
@String{concur = intconfon # {Concurrency Theory (CONCUR)}}
@String{conext = intconfon # {emerging Networking EXperiments and Technologies (CoNEXT)}}
@String{coopis = intconfon # { Coop.\ Info.\ Sys.\ (CoopIS)}}
@String{coots = {Proc.\ {U}SENIX Conf.\ on Object-Oriented Technologies (COOTS)}}
@String{CoRR = {arXiv Computing Research Repository (CoRR)}}
@String{cscw = intconfon # {Computer-Supported Coop.\ Work (CSCW)}}

@String{dais = intconfon # {Distr.\ Apps.\ and Interop.\ Sys.\ (DAIS)}}
@String{dagstuhl-pub = {Schloss Dagstuhl -- Leibniz-Zentrum f{\"u}r
                  Informatik, Dagstuhl Publishing, Germany}}
@String{disc = intsympon # {Dist.\ Comp.\ (DISC)}}
@String{dmcc5 = {Dist.\ Memory Comp.\ Conf.}}


@String{dsn = intconfon # {Dependable Systems and Networks (DSN)}}
@String{ecoop = euroconfon # {Object-Oriented Pging.\ (ECOOP)}}
@String{elsevier = {Elsevier B.V.}}
@String{esop = eurosympon # {Programming (ESOP)}}
@String{europar = euroconfon # {Parallel and Dist.\ Comp.\ (Euro-Par)}}
@String{eurosys = euroconfon # {Comp.\ Sys.\ (EuroSys)}}

@String{fast = {Conf.\ on File and Storage Techno.\ (FAST)}}
@String{ftcs = {Fault-Tolerant Comp.\ Symp.}}

@String{hicss = {Annual Hawaii Conf.\ on Sys.\ Sciences}}

@String{icdcs = intconfon # {Distributed Comp.\ Sys. (ICDCS)}}
@String{icde = intconfon # {Data Engineering}}
@String{ieee = {Inst.\ of Elec.\ and Electr.\ Eng.\ (IEEE)}}
@String{ieeecomputer = {IEEE Computer}}
@String{ieeecs = {IEEE Comp.\ Society}}
@String{ieeecsp = {IEEE Comp.\ Society Press}}
@String{ieeetc = {{IEEE} {T}rans.\ on {C}omputers}}
@String{ifip = {Int.\ Fed.\ for Info.\ Processing (IFIP)}}
@String{inria = {Institut National de la Recherche en Informatique et Automatique (Inria)}}
@String{irisa = {Institut de Recherche en Informatique et Syst\`{e}mes Al\'{e}atoires (IRISA)}}
@String{ismm = intsympon # {Memory management}}
@String{iwdp = intwkon # {Database Programming Languages}}
@String{iwmm = {Proc.\ Int.\ W.\ on Memory Management}}
@String{iwoo = intwkon # {Object-Oriented Data Bases}}
@String{iwooos = intwkon # {Object Orientation in Op.\ Sys.\ (I-WOOOS)}}
@String{iwposdiu = intwkon # {Persistent Obj.\ Sys.\ Design, Impl.\ and Use (POS)}}

@String{jpdc = {Journal of Parallel and Dist. Comp.}}

@String{ladis = {W. on Large-Scale Dist.\ Sys.\ and Middleware (LADIS)}}
@String{lipics = {Leibniz International Proceedings in Informatics (LIPICS)}}
@String{lncs = {Lecture Notes in Comp.\ Sc.}}

@String{middleware = intconfon # {Middleware (MIDDLEWARE)}}

@String{mit = {Massachussets Institute of Technology}}
@String{mobisys = intconfon # {Mobile Sys., Apps.\ and Services (MobiSys)}}
@String{mobicom = intconfon # {Mobile Comp.\ and Netw.\ (MobiCom)}}
@String{monterey = {Monterey CA, USA}}

@String{netys = intconfon # {Networked Systems (NETYS)}}
@String{nsdi = {Networked Sys.\ Design and Implem.\ (NSDI)}}

@String{oopsla = {Conf.\ on Object-Oriented Prog.\ Sys., Lang.\ and Applications (OOPSLA)}}
@String{opodis = intconfon # {Principles of Dist.\ Sys.\ (OPODIS)}}
@String{osdi = sympon # {Op.\ Sys.\ Design and Implementation (OSDI)}}
@String{osr = {Operating Systems Review}}

@String{papec = wkon # {the Principles and Practice of Eventual Consistency (PaPEC)}}
@String{papoc = wkon # {Principles and Practice of Consistency for Distr.\ Data (PaPoC)}}
@String{parisrocq = {Paris and Rocquencourt, France}}
@String{parle = {Parallel Arch.\ and Lang.\ Europe (PARLE)}}
@String{pdis = intconfon # {Para.\ and Dist.\ Info.\ Sys.\ (PDIS)}}
@String{perso = {Personal communication}}
@String{pittsburgh = {Pittsburgh {PA}, USA}}
@String{pldi = {Conf.\ on Prog.\ Lang.\ Design and Implementation}}
@String{poaec = {Annual Esprit Conference}}
@String{podc = sympon # {Principles of Dist.\ Comp.\ (PODC)}}
@String{popl = sympon # {Principles of Prog.\ Lang.\ (POPL)}}
@String{pods = sympon # {Principles of Database Sys.\ (PODS)}}
@String{pos = wkon # {Persistent Object Sys.\ (POS)}}
@String{ppopp = sympon # {Principles and Practice of Parallel Prog.\ (PPoPP)}}
@String{pvldb = {Proc. {VLDB} {E}ndow.}}

@String{rocq = {Rocquencourt, France}}
@String{rr = {Rapport de Recherche}}
@String{rt = {Rapport Technique}}

@String{seattle = {Seattle WA, USA}}
@String{sedms = sympon # {Experiences with Dist.\ and Multiprocessor Systems}}
@String{sigcomm = {SIGCOMM}}
@String{sigmod = intconfon # {the Mgt.\ of Data (SIGMOD)}}
@String{sigops = {ACM SIG on Op.\ Sys.\ (SIGOPS)}}
@String{sigopsew = {SIGOPS European Workshop}}
    @String{sigopsew5 = {5th } # sigopsew # {, on ``Models and Paradigms for Distributed Systems Structuring''}}
@String{smoka = sympon # {Microkernels and Other Kernel Archi.}}
@String{socc = {Symp.\ on Cloud Computing}}
@String{sosp = sympon # {Op.\ Sys.\ Principles (SOSP)}}
@String{spe = {Software Practice and Experience}}
@String{springer = {{S}pringer-{V}erlag}}
@String{srds = sympon # {Reliable Dist.\ Sys.\ (SRDS)}}
@String{sss = intsympon # {Stabilization, Safety, and Security of Distributed Systems (SSS)}}
@String{systor = {ACM Int.\ Systems and Storage Conf.\ (Systor)}}

@String{tkde = {IEEE Trans.\ on Knowlege and Data Eng.}}
@String{toappear = {(To appear)}}
@String{tocs = {Trans.\ on Computer Systems}}
@String{tods = {Trans.\ on Database Systems}}
@String{tpds = {IEEE Trans.\ on Parallel and Dist.\ Sys. (TPDS)}}
@String{tsi = {Technique et Science Informatiques}}

@String{upmc = {Universit{\'e} Pierre et Marie Curie (UPMC)}}
@String{usenix = {Usenix}}
@String{usenix-atc = {Usenix Annual Tech.\ Conf.}}
@String{uwmkoka = {W.\ on Micro-Kernels and Other Kernel Archi.}}

@String{vee = intsympon # {Virtual Exec.\ Environments}}
@String{vldb = intconfon # {Very Large Data Bases (VLDB)}}
@String{vldb-jrnl = {The {VLDB} Journal, The Int.\ J.\ on Very Large Data Bases}}
